@article{McCulloch1943,
    title = {{A logical calculus of the ideas immanent in nervous activity}},
    year = {1943},
    journal = {The Bulletin of Mathematical Biophysics},
    author = {McCulloch, Warren S. and Pitts, Walter},
    number = {4},
    month = {12},
    pages = {115--133},
    volume = {5},
    publisher = {Kluwer Academic Publishers},
    url = {http://link.springer.com/10.1007/BF02478259},
    doi = {10.1007/BF02478259},
    issn = {0007-4985}
}

@article{Gillespie1992,
    title = {{A rigorous derivation of the chemical master equation}},
    year = {1992},
    journal = {Physica A: Statistical Mechanics and its Applications},
    author = {Gillespie, Daniel T.},
    number = {1-3},
    month = {9},
    pages = {404--425},
    volume = {188},
    publisher = {North-Holland},
    url = {https://www.sciencedirect.com/science/article/pii/037843719290283V},
    isbn = {0378-4371},
    doi = {10.1016/0378-4371(92)90283-V},
    issn = {03784371},
    pmid = {1050}
}

@article{Navlakha2011,
    title = {{Algorithms in nature: the convergence of systems biology and computational thinking.}},
    year = {2011},
    journal = {Molecular systems biology},
    author = {Navlakha, Saket and Bar-Joseph, Ziv},
    number = {1},
    month = {11},
    pages = {546},
    volume = {7},
    publisher = {EMBO Press},
    url = {http://www.ncbi.nlm.nih.gov/pubmed/22068329 http://www.pubmedcentral.nih.gov/articlerender.fcgi?artid=PMC3261700},
    doi = {10.1038/msb.2011.78},
    issn = {1744-4292},
    pmid = {22068329}
}

@article{Baik2015,
    title = {{Fluctuations of the free energy of the spherical Sherrington–Kirkpatrick model}},
    year = {2015},
    author = {Baik, Jinho and Lee, Ji Oon},
    url = {https://arxiv.org/pdf/1505.07349.pdf},
    arxivId = {arXiv:1505.07349v5}
}

@book{Stefanucci2013,
    title = {{Nonequilibrium Many-Body Theory of Quantum Systems}},
    year = {2013},
    booktitle = {Contemporary Physics},
    author = {Stefanucci, Gianluca and van Leeuwen, Robert},
    number = {4},
    pages = {600},
    volume = {54},
    publisher = {Cambridge University Press},
    url = {http://ebooks.cambridge.org/ref/id/CBO9781139023979},
    isbn = {9781139023979},
    doi = {10.1017/CBO9781139023979},
    issn = {0010-7514}
}

@article{Halatek2018,
    title = {{Rethinking pattern formation in reaction–diffusion systems}},
    year = {2018},
    journal = {Nature Physics},
    author = {Halatek, J. and Frey, E.},
    month = {2},
    pages = {1},
    publisher = {Nature Publishing Group},
    url = {http://www.nature.com/articles/s41567-017-0040-5},
    doi = {10.1038/s41567-017-0040-5},
    issn = {1745-2473},
    keywords = {Atomic, Classical and Continuum Physics, Complex Systems, Condensed Matter Physics, Mathematical and Computational Physics, Molecular, Optical and Plasma Physics, Physics, Theoretical, general}
}

@article{Halatek2018b,
    title = {{Rethinking pattern formation in reaction–diffusion systems}},
    year = {2018},
    journal = {Nature Physics},
    author = {Halatek, J. and Frey, E.},
    month = {2},
    pages = {1},
    publisher = {Nature Publishing Group},
    url = {http://www.nature.com/articles/s41567-017-0040-5},
    doi = {10.1038/s41567-017-0040-5},
    issn = {1745-2473},
    keywords = {Biological physics, Nonlinear phenomena}
}

@article{Doi1976,
    title = {{Second quantization representation for classical many-particle system}},
    year = {1976},
    journal = {J. Phys. A: Math. Gen},
    author = {Doi, Masao},
    number = {9},
    volume = {9},
    url = {http://iopscience.iop.org/article/10.1088/0305-4470/9/9/008/pdf}
}

@article{Gillespie2007,
    title = {{Stochastic Simulation of Chemical Kinetics}},
    year = {2007},
    journal = {Annu. Rev. Phys. Chem},
    author = {Gillespie, Daniel T},
    pages = {35--55},
    volume = {58},
    url = {http://physchem.annualreviews.org},
    doi = {10.1146/annurev.physchem.58.032806.104637},
    keywords = {Langevin equation, master equation, stiff systems, tau-leaping}
}

@article{Novak2012,
    title = {{THREE LECTURES ON FREE PROBABILITY}},
    year = {2012},
    author = {Novak, Jonathan},
    url = {https://arxiv.org/pdf/1205.2097.pdf},
    arxivId = {arXiv:1205.2097v1},
    keywords = {()}
}

@article{Afek2011AProblem,
    title = {{A Biological Solution to a Fundamental Distributed Computing Problem}},
    year = {2011},
    journal = {Science},
    author = {Afek, Y. and Alon, N. and Barad, O. and Hornstein, E. and Barkai, N. and Bar-Joseph, Z.},
    number = {6014},
    month = {1},
    pages = {183--185},
    volume = {331},
    url = {http://www.ncbi.nlm.nih.gov/pubmed/21233379 http://www.sciencemag.org/cgi/doi/10.1126/science.1193210},
    doi = {10.1126/science.1193210},
    issn = {0036-8075},
    pmid = {21233379}
}

@article{Biroli2005AAging,
    title = {{A Crash Course on Aging}},
    year = {2005},
    author = {Biroli, Giulio},
    month = {4},
    url = {http://arxiv.org/abs/cond-mat/0504681 http://dx.doi.org/10.1088/1742-5468/2005/05/P05014},
    doi = {10.1088/1742-5468/2005/05/P05014},
    arxivId = {cond-mat/0504681}
}

@article{Guionnet2005AIntegrals,
    title = {{A Fourier view on the R-transform and related asymptotics of spherical integrals}},
    year = {2005},
    journal = {Journal of Functional Analysis},
    author = {Guionnet, A. and Maı¨da, M.},
    number = {2},
    month = {5},
    pages = {435--490},
    volume = {222},
    publisher = {Academic Press},
    url = {https://www.sciencedirect.com/science/article/pii/S0022123604003623},
    doi = {10.1016/J.JFA.2004.09.015},
    issn = {0022-1236}
}

@article{Entchev2015ALifespan,
    title = {{A gene-expression-based neural code for food abundance that modulates lifespan}},
    year = {2015},
    journal = {eLife},
    author = {Entchev, Eugeni V and Patel, Dhaval S and Zhan, Mei and Steele, Andrew J and Lu, Hang and Ch'ng, QueeLim},
    month = {5},
    pages = {e06259},
    volume = {4},
    publisher = {eLife Sciences Publications Limited},
    url = {https://elifesciences.org/articles/06259},
    doi = {10.7554/eLife.06259},
    issn = {2050-084X},
    keywords = {dietary restriction, expression variability, gene regulation, neural circuit, neural code}
}

@article{Manukyan2017AScales,
    title = {{A living mesoscopic cellular automaton made of skin scales}},
    year = {2017},
    journal = {Nature},
    author = {Manukyan, Liana and Montandon, Sophie A. and Fofonjka, Anamarija and Smirnov, Stanislav and Milinkovitch, Michel C.},
    number = {7649},
    month = {4},
    pages = {173--179},
    volume = {544},
    publisher = {Nature Publishing Group},
    url = {http://www.nature.com/doifinder/10.1038/nature22031},
    doi = {10.1038/nature22031},
    issn = {0028-0836},
    keywords = {Applied mathematics, Biological physics, Computational biophysics, Nonlinear phenomena}
}

@article{Hunt1971ATheorem,
    title = {{A matrix theory proof of the discrete convolution theorem}},
    year = {1971},
    journal = {IEEE Transactions on Audio and Electroacoustics},
    author = {Hunt, B.},
    number = {4},
    month = {12},
    pages = {285--288},
    volume = {19},
    url = {http://ieeexplore.ieee.org/document/1162202/},
    doi = {10.1109/TAU.1971.1162202},
    issn = {0018-9278}
}

@article{Mazzonit1991ANetworks,
    title = {{A more biologically plausible learning rule for neural networks}},
    year = {1991},
    journal = {Neurobiology},
    author = {Mazzonit, Pietro and Andersent, Richard A and Jordant, Michael I},
    pages = {4433--4437},
    volume = {88},
    url = {http://www.pnas.org/content/88/10/4433.full.pdf}
}

@article{HODGKIN1952ANerve.,
    title = {{A quantitative description of membrane current and its application to conduction and excitation in nerve.}},
    year = {1952},
    journal = {The Journal of physiology},
    author = {HODGKIN, A L and HUXLEY, A F},
    number = {4},
    month = {8},
    pages = {500--44},
    volume = {117},
    publisher = {Wiley-Blackwell},
    url = {http://www.ncbi.nlm.nih.gov/pubmed/12991237 http://www.pubmedcentral.nih.gov/articlerender.fcgi?artid=PMC1392413},
    issn = {0022-3751},
    pmid = {12991237},
    keywords = {AXONS}
}

@article{Angluin2008AMajority,
    title = {{A simple population protocol for fast robust approximate majority}},
    year = {2008},
    journal = {Distributed Computing},
    author = {Angluin, Dana and Aspnes, James and Eisenstat, David},
    number = {2},
    month = {7},
    pages = {87--102},
    volume = {21},
    publisher = {Springer-Verlag},
    url = {http://link.springer.com/10.1007/s00446-008-0059-z},
    doi = {10.1007/s00446-008-0059-z},
    issn = {0178-2770}
}

@article{Smith2018BeyondMechanism,
    title = {{Beyond activator-inhibitor networks: the generalised Turing mechanism}},
    year = {2018},
    author = {Smith, Stephen and Dalchau, Neil},
    month = {3},
    url = {https://arxiv.org/abs/1803.07886},
    arxivId = {1803.07886}
}

@article{Tyson2008BiologicalClocks.,
    title = {{Biological switches and clocks.}},
    year = {2008},
    journal = {Journal of the Royal Society, Interface},
    author = {Tyson, John J and Albert, Reka and Goldbeter, Albert and Ruoff, Peter and Sible, Jill},
    number = {Suppl 1},
    month = {8},
    pages = {1--8},
    volume = {5 Suppl 1},
    publisher = {The Royal Society},
    url = {http://www.ncbi.nlm.nih.gov/pubmed/18522926 http://www.pubmedcentral.nih.gov/articlerender.fcgi?artid=PMC2706456},
    doi = {10.1098/rsif.2008.0179.focus},
    issn = {1742-5689},
    pmid = {18522926}
}

@article{Reimann2002BrownianEquilibrium,
    title = {{Brownian motors: noisy transport far from equilibrium}},
    year = {2002},
    journal = {Physics Reports},
    author = {Reimann, Peter},
    number = {2-4},
    pages = {57--265},
    volume = {361},
    url = {https://www.sciencedirect.com/science/article/pii/S0370157301000813},
    doi = {10.1016/S0370-1573(01)00081-3}
}

@article{Abbott2016BuildingNeurons,
    title = {{Building functional networks of spiking model neurons}},
    year = {2016},
    journal = {Nature Neuroscience},
    author = {Abbott, L F and DePasquale, Brian and Memmesheimer, Raoul-Martin},
    number = {3},
    month = {2},
    pages = {350--355},
    volume = {19},
    publisher = {Nature Publishing Group},
    url = {http://www.nature.com/doifinder/10.1038/nn.4241},
    doi = {10.1038/nn.4241},
    issn = {1097-6256},
    keywords = {Network models, Neural encoding}
}

@article{Erdos2009BulkDecay,
    title = {{Bulk universality for Wigner hermitian matrices with subexponential decay}},
    year = {2009},
    author = {Erdos, Laszlo and Ramirez, Jose and Schlein, Benjamin and Tao, Terence and Vu, Van and Yau, Horng-Tzer},
    month = {6},
    url = {http://arxiv.org/abs/0906.4400},
    arxivId = {0906.4400}
}

@article{Forrest2014CanTemperature,
    title = {{Can the Thermodynamic Hodgkin-Huxley Model of Voltage-Dependent Conductance Extrapolate for Temperature?}},
    year = {2014},
    journal = {Computation},
    author = {Forrest, Michael and D., Michael},
    number = {2},
    month = {5},
    pages = {47--60},
    volume = {2},
    publisher = {Multidisciplinary Digital Publishing Institute},
    url = {http://www.mdpi.com/2079-3197/2/2/47/},
    doi = {10.3390/computation2020047},
    issn = {2079-3197},
    keywords = {<i>Q</i>10, Hodgkin, Huxley, action potential, computational neuroscience, model, temperature, thermodynamic, transition state, voltage}
}

@article{Kaiser2018CanonicalChains,
    title = {{Canonical structure and orthogonality of forces and currents in irreversible Markov chains}},
    year = {2018},
    author = {Kaiser, Marcus and Jack, Robert L and Zimmer, Johannes},
    url = {https://arxiv.org/pdf/1708.01453.pdf}
}

@article{Peskin1993CellularRatchet.,
    title = {{Cellular motions and thermal fluctuations: the Brownian ratchet.}},
    year = {1993},
    journal = {Biophysical journal},
    author = {Peskin, C S and Odell, G M and Oster, G F},
    number = {1},
    month = {7},
    pages = {316--24},
    volume = {65},
    publisher = {The Biophysical Society},
    url = {http://www.ncbi.nlm.nih.gov/pubmed/8369439 http://www.pubmedcentral.nih.gov/articlerender.fcgi?artid=PMC1225726},
    doi = {10.1016/S0006-3495(93)81035-X},
    issn = {0006-3495},
    pmid = {8369439}
}

@article{Zhou2018CircuitSystem.,
    title = {{Circuit Design Features of a Stable Two-Cell System.}},
    year = {2018},
    journal = {Cell},
    author = {Zhou, Xu and Franklin, Ruth A and Adler, Miri and Jacox, Jeremy B and Bailis, Will and Shyer, Justin A and Flavell, Richard A and Mayo, Avi and Alon, Uri and Medzhitov, Ruslan},
    number = {4},
    month = {2},
    pages = {744--757},
    volume = {172},
    publisher = {Elsevier},
    url = {http://www.ncbi.nlm.nih.gov/pubmed/29398113},
    doi = {10.1016/j.cell.2018.01.015},
    issn = {1097-4172},
    pmid = {29398113},
    keywords = {CSF1, PDGF, carrying capacity, cell circuits, cell-cell contact, fibroblasts, growth factors, macrophages, stability, tissue homeostasis}
}

@article{Goldbeter2002ComputationalRhythms,
    title = {{Computational approaches to cellular rhythms}},
    year = {2002},
    journal = {Nature},
    author = {Goldbeter, Albert},
    number = {6912},
    month = {11},
    pages = {238--245},
    volume = {420},
    url = {http://www.nature.com/doifinder/10.1038/nature01259},
    doi = {10.1038/nature01259},
    issn = {0028-0836}
}

@article{Cameron2001DendriticTails,
    title = {{Dendritic organization of actin comet tails}},
    year = {2001},
    journal = {Current Biology},
    author = {Cameron, Lisa A. and Svitkina, Tatyana M. and Vignjevic, Danijela and Theriot, Julie A. and Borisy, Gary G.},
    number = {2},
    month = {1},
    pages = {130--135},
    volume = {11},
    publisher = {Cell Press},
    url = {http://www.sciencedirect.com/science/article/pii/S0960982201000227},
    doi = {10.1016/S0960-9822(01)00022-7},
    issn = {0960-9822}
}

@article{Chen2012DeterministicNetworks.,
    title = {{Deterministic Function Computation with Chemical Reaction Networks.}},
    year = {2012},
    journal = {Natural computing},
    author = {Chen, Ho-Lin and Doty, David and Soloveichik, David},
    pages = {25--42},
    volume = {7433},
    publisher = {NIH Public Access},
    url = {http://www.ncbi.nlm.nih.gov/pubmed/25383068 http://www.pubmedcentral.nih.gov/articlerender.fcgi?artid=PMC4221813},
    doi = {10.1007/s11047-013-9393-6},
    issn = {1567-7818},
    pmid = {25383068}
}

@article{Navlakha2014DistributedSystems,
    title = {{Distributed information processing in biological and computational systems}},
    year = {2014},
    journal = {Communications of the ACM},
    author = {Navlakha, Saket and Bar-Joseph, Ziv},
    number = {1},
    month = {12},
    pages = {94--102},
    volume = {58},
    publisher = {ACM},
    url = {http://dl.acm.org/citation.cfm?doid=2688498.2678280},
    doi = {10.1145/2678280},
    issn = {00010782}
}

@article{Estevez-Torres2017DNADomino,
    title = {{DNA computing: Spatially localized DNA domino}},
    year = {2017},
    journal = {Nature Nanotechnology},
    author = {Estevez-Torres, André and Rondelez, Yannick},
    number = {9},
    month = {7},
    pages = {842--843},
    volume = {12},
    publisher = {Nature Publishing Group},
    url = {http://www.nature.com/doifinder/10.1038/nnano.2017.157},
    doi = {10.1038/nnano.2017.157},
    issn = {17483395}
}

@article{Ouldridge2013DNADependence.,
    title = {{DNA hybridization kinetics: zippering, internal displacement and sequence dependence.}},
    year = {2013},
    journal = {Nucleic acids research},
    author = {Ouldridge, Thomas E and Sulc, Petr and Romano, Flavio and Doye, Jonathan P K and Louis, Ard A},
    number = {19},
    month = {10},
    pages = {8886--95},
    volume = {41},
    publisher = {Oxford University Press},
    url = {http://www.ncbi.nlm.nih.gov/pubmed/23935069 http://www.pubmedcentral.nih.gov/articlerender.fcgi?artid=PMC3799446},
    doi = {10.1093/nar/gkt687},
    issn = {1362-4962},
    pmid = {23935069}
}

@article{Hohlfeld2012DominanceRatchet,
    title = {{Dominance of extreme statistics in a prototype many-body Brownian ratchet}},
    year = {2012},
    author = {Hohlfeld, Evan and Geissler, Phillip L.},
    month = {4},
    url = {http://arxiv.org/abs/1204.1804 http://dx.doi.org/10.1063/1.4899052},
    doi = {10.1063/1.4899052},
    arxivId = {1204.1804}
}

@article{Gregor2015DRAW:Generation,
    title = {{DRAW: A Recurrent Neural Network For Image Generation}},
    year = {2015},
    author = {Gregor, Karol and Danihelka, Ivo and Graves, Alex and Rezende, Danilo Jimenez and Wierstra, Daan},
    month = {2},
    url = {http://arxiv.org/abs/1502.04623},
    arxivId = {1502.04623}
}

@article{Mohanty2012EfficientProcessors,
    title = {{Efficient pseudo-random number generation for monte-carlo simulations using graphic processors}},
    year = {2012},
    journal = {Journal of Physics: Conference Series},
    author = {Mohanty, Siddhant and Mohanty, A K and Carminati, F},
    number = {1},
    month = {6},
    pages = {012024},
    volume = {368},
    publisher = {IOP Publishing},
    url = {http://stacks.iop.org/1742-6596/368/i=1/a=012024?key=crossref.04b280b801d3fe90b1c3422558b1b776},
    doi = {10.1088/1742-6596/368/1/012024},
    issn = {1742-6596}
}

@misc{Lee2007EfficientAlgorithms,
    title = {{Efficient sparse coding algorithms}},
    year = {2007},
    author = {Lee, Honglak and Battle, Alexis and Raina, Rajat and Ng, Andrew Y.},
    pages = {801--808},
    url = {https://papers.nips.cc/paper/2979-efficient-sparse-coding-algorithms}
}

@article{Cardelli2017EfficientScience,
    title = {{Efficient Switches in Biology and Computer Science}},
    year = {2017},
    journal = {PLOS Computational Biology},
    author = {Cardelli, Luca and Hernansaiz-Ballesteros, Rosa D. and Dalchau, Neil and Csik{\'{a}}sz-Nagy, Attila},
    editor = {Stelling, Jorg},
    number = {1},
    month = {1},
    pages = {e1005100},
    volume = {13},
    publisher = {Public Library of Science},
    url = {http://dx.plos.org/10.1371/journal.pcbi.1005100},
    doi = {10.1371/journal.pcbi.1005100},
    issn = {1553-7358}
}

@article{Olshausen1996EmergenceImages,
    title = {{Emergence of simple-cell receptive field properties by learning a sparse code for natural images}},
    year = {1996},
    journal = {Nature},
    author = {Olshausen, Bruno A. and Field, David J.},
    number = {6583},
    month = {6},
    pages = {607--609},
    volume = {381},
    publisher = {Nature Publishing Group},
    url = {http://www.nature.com/doifinder/10.1038/381607a0},
    doi = {10.1038/381607a0},
    issn = {0028-0836}
}

@article{Tauber2005FieldDynamics,
    title = {{Field Theory Approaches to Nonequilibrium Dynamics}},
    year = {2005},
    author = {Tauber, Uwe C.},
    month = {11},
    url = {http://arxiv.org/abs/cond-mat/0511743 http://dx.doi.org/10.1007/3-540-69684-9_7},
    doi = {10.1007/3-540-69684-9{\_}7},
    arxivId = {cond-mat/0511743}
}

@article{Payrits2012FIELDSYSTEMS,
    title = {{FIELD THEORY TECHNIQUES IN THE ANALYSIS OF CLASSICAL REACTION-DIFFUSION SYSTEMS}},
    year = {2012},
    author = {Payrits, Matjaž and Evans, Tim S},
    url = {http://www.imperial.ac.uk/media/imperial-college/research-centres-and-groups/theoretical-physics/msc/dissertations/2012/Matjaz-Payrits-Dissertation.pdf}
}

@article{Bieling2016ForceNetworks.,
    title = {{Force Feedback Controls Motor Activity and Mechanical Properties of Self-Assembling Branched Actin Networks.}},
    year = {2016},
    journal = {Cell},
    author = {Bieling, Peter and Li, Tai-De and Weichsel, Julian and McGorty, Ryan and Jreij, Pamela and Huang, Bo and Fletcher, Daniel A and Mullins, R Dyche},
    number = {1-2},
    month = {1},
    pages = {115--127},
    volume = {164},
    publisher = {Elsevier},
    url = {http://www.ncbi.nlm.nih.gov/pubmed/26771487 http://www.pubmedcentral.nih.gov/articlerender.fcgi?artid=PMC5033619},
    doi = {10.1016/j.cell.2015.11.057},
    issn = {1097-4172},
    pmid = {26771487}
}

@article{Mogilner2003ForceFilaments,
    title = {{Force Generation by Actin Polymerization II: The Elastic Ratchet and Tethered Filaments}},
    year = {2003},
    journal = {Biophysical Journal},
    author = {Mogilner, Alex and Oster, George},
    number = {3},
    month = {3},
    pages = {1591--1605},
    volume = {84},
    publisher = {Cell Press},
    url = {http://www.sciencedirect.com/science/article/pii/S0006349503749698?via%3Dihub},
    doi = {10.1016/S0006-3495(03)74969-8},
    issn = {0006-3495}
}

@article{Endy2005FoundationsBiology,
    title = {{Foundations for engineering biology}},
    year = {2005},
    journal = {Nature},
    author = {Endy, Drew},
    number = {7067},
    month = {11},
    pages = {449--453},
    volume = {438},
    publisher = {Nature Publishing Group},
    url = {http://www.nature.com/articles/nature04342},
    doi = {10.1038/nature04342},
    issn = {0028-0836}
}

@article{Capitaine2011Free,
    title = {{Free convolution with a semicircular distribution and eigenvalues of spiked deformations of Wigner matrices *}},
    year = {2011},
    author = {Capitaine, M and Donati-Martin, C and F{\'{e}}ral, D and F{\'{e}}vrier, M},
    url = {https://arxiv.org/pdf/1006.3684.pdf},
    arxivId = {arXiv:1006.3684v3},
    keywords = {()}
}

@incollection{Whitley2012GeneticMethods,
    title = {{Genetic Algorithms — A Survey of Models and Methods}},
    year = {2012},
    booktitle = {Handbook of Natural Computing},
    author = {Whitley, Darrell and Sutton, Andrew M.},
    pages = {637--671},
    publisher = {Springer Berlin Heidelberg},
    url = {http://link.springer.com/10.1007/978-3-540-92910-9_21},
    address = {Berlin, Heidelberg},
    doi = {10.1007/978-3-540-92910-9{\_}21}
}

@article{Nielsen2016GeneticAutomation.,
    title = {{Genetic circuit design automation.}},
    year = {2016},
    journal = {Science (New York, N.Y.)},
    author = {Nielsen, Alec A K and Der, Bryan S and Shin, Jonghyeon and Vaidyanathan, Prashant and Paralanov, Vanya and Strychalski, Elizabeth A and Ross, David and Densmore, Douglas and Voigt, Christopher A},
    number = {6281},
    month = {4},
    pages = {aac7341},
    volume = {352},
    publisher = {American Association for the Advancement of Science},
    url = {http://www.ncbi.nlm.nih.gov/pubmed/27034378},
    doi = {10.1126/science.aac7341},
    issn = {1095-9203},
    pmid = {27034378}
}

@article{Nielsen2016GeneticAutomation.b,
    title = {{Genetic circuit design automation.}},
    year = {2016},
    journal = {Science (New York, N.Y.)},
    author = {Nielsen, Alec A K and Der, Bryan S and Shin, Jonghyeon and Vaidyanathan, Prashant and Paralanov, Vanya and Strychalski, Elizabeth A and Ross, David and Densmore, Douglas and Voigt, Christopher A},
    number = {6281},
    month = {4},
    pages = {aac7341},
    volume = {352},
    publisher = {American Association for the Advancement of Science},
    url = {http://www.ncbi.nlm.nih.gov/pubmed/27034378},
    doi = {10.1126/science.aac7341},
    issn = {1095-9203},
    pmid = {27034378}
}

@article{Marcon2016High-throughputSignals.,
    title = {{High-throughput mathematical analysis identifies Turing networks for patterning with equally diffusing signals.}},
    year = {2016},
    journal = {eLife},
    author = {Marcon, Luciano and Diego, Xavier and Sharpe, James and M{\"{u}}ller, Patrick},
    volume = {5},
    publisher = {eLife Sciences Publications, Ltd},
    url = {http://www.ncbi.nlm.nih.gov/pubmed/27058171 http://www.pubmedcentral.nih.gov/articlerender.fcgi?artid=PMC4922859},
    doi = {10.7554/eLife.14022},
    issn = {2050-084X},
    pmid = {27058171},
    keywords = {S. cerevisiae, Turing patterns, computational biology, developmental biology, differential diffusivity, diffusion-driven instability, mouse, pattern formation, self-organization, stem cells, systems biology, zebrafish}
}

@article{Alon2009HowProblem,
    title = {{How To Choose a Good Scientific Problem}},
    year = {2009},
    journal = {Molecular Cell},
    author = {Alon, Uri},
    number = {6},
    month = {9},
    pages = {726--728},
    volume = {35},
    publisher = {Elsevier},
    url = {http://www.cell.com/molecular-cell/abstract/S1097-2765(09)00641-8},
    doi = {10.1016/J.MOLCEL.2009.09.013},
    issn = {1097-2765},
    pmid = {19782018}
}

@misc{Krizhevsky2012ImageNetNetworks,
    title = {{ImageNet Classification with Deep Convolutional Neural Networks}},
    year = {2012},
    author = {Krizhevsky, Alex and Sutskever, Ilya and Hinton, Geoffrey E.},
    pages = {1097--1105},
    url = {https://papers.nips.cc/paper/4824-imagenet-classification-with-deep-convolutional-neural-networks}
}

@article{Zhang2018InformationDissipation,
    title = {{Information scrambling in chaotic systems with dissipation}},
    year = {2018},
    author = {Zhang, Yong-Liang and Huang, Yichen and Chen, Xie},
    url = {https://arxiv.org/pdf/1802.04492.pdf},
    arxivId = {arXiv:1802.04492v1}
}

@article{Yin2011KineticsHybridization,
    title = {{Kinetics and Dynamics of DNA Hybridization}},
    year = {2011},
    journal = {Accounts of Chemical Research},
    author = {Yin, Yandong and Zhao, Xin Sheng},
    number = {11},
    month = {11},
    pages = {1172--1181},
    volume = {44},
    publisher = {American Chemical Society},
    url = {http://pubs.acs.org/doi/abs/10.1021/ar200068j},
    doi = {10.1021/ar200068j},
    issn = {0001-4842}
}

@article{Agapov2014LengthDirectionality,
    title = {{Length scale of Leidenfrost ratchet switches droplet directionality}},
    year = {2014},
    journal = {Nanoscale},
    author = {Agapov, Rebecca L. and Boreyko, Jonathan B. and Briggs, Dayrl P. and Srijanto, Bernadeta R. and Retterer, Scott T. and Collier, C. Patrick and Lavrik, Nickolay V.},
    number = {15},
    month = {7},
    pages = {9293--9299},
    volume = {6},
    publisher = {The Royal Society of Chemistry},
    url = {http://xlink.rsc.org/?DOI=C4NR02362E},
    doi = {10.1039/C4NR02362E},
    issn = {2040-3364}
}

@article{Roberts2016Lieb-RobinsonEffect,
    title = {{Lieb-Robinson and the butterfly effect}},
    year = {2016},
    author = {Roberts, Daniel A and Swingle, Brian},
    url = {https://arxiv.org/pdf/1603.09298.pdf},
    arxivId = {arXiv:1603.09298v2},
    keywords = {()}
}

@article{Palacci2014Light-ActivatedColloids,
    title = {{Light-Activated Self-Propelled Colloids}},
    year = {2014},
    author = {Palacci, J and Sacanna, S and Kim, S.-H and Yi, G.-R and Pine, D J and Chaikin, P M},
    url = {https://arxiv.org/pdf/1410.7278.pdf},
    arxivId = {arXiv:1410.7278v1}
}

@article{Mueller2017LoadNetworks,
    title = {{Load Adaptation of Lamellipodial Actin Networks}},
    year = {2017},
    journal = {Cell},
    author = {Mueller, J. and Szep, G. and Nemethova, M. and de Vries, I. and Lieber, A.D. and Winkler, C. and Kruse, K. and Small, J.V. and Schmeiser, C. and Keren, K. and Hauschild, R. and Sixt, M.},
    number = {1},
    volume = {171},
    doi = {10.1016/j.cell.2017.07.051},
    issn = {10974172},
    keywords = {actin dynamics, actin network, cell mechanics, cell migration, correlated electron tomography, cytoskeleton, keratocyte, lamellipodium, membrane tension}
}

@article{Hochreiter1997LongMemory,
    title = {{Long Short-Term Memory}},
    year = {1997},
    journal = {Neural Computation},
    author = {Hochreiter, Sepp and Schmidhuber, Jürgen},
    number = {8},
    month = {11},
    pages = {1735--1780},
    volume = {9},
    url = {http://www.mitpressjournals.org/doi/10.1162/neco.1997.9.8.1735},
    doi = {10.1162/neco.1997.9.8.1735},
    issn = {0899-7667}
}

@article{Silver2016MasteringSearch,
    title = {{Mastering the game of Go with deep neural networks and tree search}},
    year = {2016},
    journal = {Nature},
    author = {Silver, David and Huang, Aja and Maddison, Chris J. and Guez, Arthur and Sifre, Laurent and van den Driessche, George and Schrittwieser, Julian and Antonoglou, Ioannis and Panneershelvam, Veda and Lanctot, Marc and Dieleman, Sander and Grewe, Dominik and Nham, John and Kalchbrenner, Nal and Sutskever, Ilya and Lillicrap, Timothy and Leach, Madeleine and Kavukcuoglu, Koray and Graepel, Thore and Hassabis, Demis},
    number = {7587},
    month = {1},
    pages = {484--489},
    volume = {529},
    publisher = {Nature Publishing Group},
    url = {http://www.nature.com/doifinder/10.1038/nature16961},
    doi = {10.1038/nature16961},
    issn = {0028-0836},
    keywords = {Computational science, Computer science, Reward}
}

@article{Silver2017MasteringKnowledge,
    title = {{Mastering the game of Go without human knowledge}},
    year = {2017},
    journal = {Nature},
    author = {Silver, David and Schrittwieser, Julian and Simonyan, Karen and Antonoglou, Ioannis and Huang, Aja and Guez, Arthur and Hubert, Thomas and Baker, Lucas and Lai, Matthew and Bolton, Adrian and Chen, Yutian and Lillicrap, Timothy and Hui, Fan and Sifre, Laurent and van den Driessche, George and Graepel, Thore and Hassabis, Demis},
    number = {7676},
    month = {10},
    pages = {354--359},
    volume = {550},
    publisher = {Nature Publishing Group},
    url = {http://www.nature.com/doifinder/10.1038/nature24270},
    doi = {10.1038/nature24270},
    issn = {0028-0836},
    keywords = {Computational science, Computer science, Reward}
}

@article{Lauer2018MLweb:Web,
    title = {{MLweb: A toolkit for machine learning on the web}},
    year = {2018},
    journal = {Neurocomputing},
    author = {Lauer, Fabien},
    month = {3},
    pages = {74--77},
    volume = {282},
    publisher = {Elsevier},
    url = {https://www.sciencedirect.com/science/article/pii/S092523121731843X?via%3Dihub},
    doi = {10.1016/J.NEUCOM.2017.11.069},
    issn = {0925-2312}
}

@article{Smith2018ModelModels.,
    title = {{Model reduction enables Turing instability analysis of large reaction-diffusion models.}},
    year = {2018},
    journal = {Journal of the Royal Society, Interface},
    author = {Smith, Stephen and Dalchau, Neil},
    number = {140},
    month = {3},
    pages = {20170805},
    volume = {15},
    publisher = {The Royal Society},
    url = {http://www.ncbi.nlm.nih.gov/pubmed/29540540},
    doi = {10.1098/rsif.2017.0805},
    issn = {1742-5662},
    pmid = {29540540},
    keywords = {Turing patterns, model reduction, reaction–diffusion, synthetic gene circuits}
}

@incollection{Yang2014Nature-InspiredAlgorithms,
    title = {{Nature-Inspired Optimization Algorithms}},
    year = {2014},
    booktitle = {Nature-Inspired Optimization Algorithms},
    author = {Yang, Xin-She},
    isbn = {9780124167438},
    doi = {10.1016/B978-0-12-416743-8.00016-6}
}

@article{Alon2007NetworkApproaches,
    title = {{Network motifs: theory and experimental approaches}},
    year = {2007},
    journal = {Nature Reviews Genetics},
    author = {Alon, Uri},
    number = {6},
    month = {6},
    pages = {450--461},
    volume = {8},
    publisher = {Nature Publishing Group},
    url = {http://www.nature.com/doifinder/10.1038/nrg2102},
    doi = {10.1038/nrg2102},
    issn = {1471-0056}
}

@article{Buesing2011NeuralNeurons,
    title = {{Neural Dynamics as Sampling: A Model for Stochastic Computation in Recurrent Networks of Spiking Neurons}},
    year = {2011},
    journal = {PLoS Computational Biology},
    author = {Buesing, Lars and Bill, Johannes and Nessler, Bernhard and Maass, Wolfgang},
    editor = {Sporns, Olaf},
    number = {11},
    month = {11},
    pages = {e1002211},
    volume = {7},
    url = {http://www.ncbi.nlm.nih.gov/pubmed/22096452 http://www.pubmedcentral.nih.gov/articlerender.fcgi?artid=PMC3207943 http://dx.plos.org/10.1371/journal.pcbi.1002211},
    doi = {10.1371/journal.pcbi.1002211},
    issn = {1553-7358},
    pmid = {22096452}
}

@article{Cardelli2016NoiseSwitches,
    title = {{Noise Reduction in Complex Biological Switches}},
    year = {2016},
    journal = {Scientific Reports},
    author = {Cardelli, Luca and Csik{\'{a}}sz-Nagy, Attila and Dalchau, Neil and Tribastone, Mirco and Tschaikowski, Max},
    volume = {6},
    doi = {10.1038/srep20214},
    issn = {20452322},
    pmid = {26853830}
}

@article{Majumdar2011NumberMatrices,
    title = {{Number of relevant directions in Principal Component Analysis and Wishart random matrices}},
    year = {2011},
    author = {Majumdar, Satya N. and Vivo, Pierpaolo},
    month = {12},
    url = {http://arxiv.org/abs/1112.5391},
    arxivId = {1112.5391}
}

@article{Biane1997OnDistribution,
    title = {{On the Free Convolution with a Semi-circular Distribution}},
    year = {1997},
    journal = {Indiana University Mathematics Journal},
    author = {Biane, Philippe},
    number = {3},
    pages = {705--718},
    volume = {46},
    url = {http://www.jstor.org/stable/24899639 http://about.jstor.org/terms}
}

@article{Pablo2018Particle-basedFormation,
    title = {{Particle-based simulations of polarity establishment reveal stochastic promotion of Turing pattern formation}},
    year = {2018},
    journal = {PLOS Computational Biology},
    author = {Pablo, Michael and Ramirez, Samuel A. and Elston, Timothy C.},
    editor = {Igoshin, Oleg A.},
    number = {3},
    month = {3},
    pages = {e1006016},
    volume = {14},
    publisher = {Public Library of Science},
    url = {http://dx.plos.org/10.1371/journal.pcbi.1006016},
    doi = {10.1371/journal.pcbi.1006016},
    issn = {1553-7358}
}

@article{HahnloserPermittedNetworks,
    title = {{Permitted and Forbidden Sets in Symmetric Threshold-Linear Networks}},
    author = {Hahnloser, Richard H R and Seung, H Sebastian},
    url = {https://papers.nips.cc/paper/1793-permitted-and-forbidden-sets-in-symmetric-threshold-linear-networks.pdf}
}

@article{Oord2016PixelNetworks,
    title = {{Pixel Recurrent Neural Networks}},
    year = {2016},
    author = {Oord, Aaron van den and Kalchbrenner, Nal and Kavukcuoglu, Koray},
    month = {1},
    url = {http://arxiv.org/abs/1601.06759},
    arxivId = {1601.06759}
}

@article{Zhang2017PredictingSequence,
    title = {{Predicting DNA hybridization kinetics from sequence}},
    year = {2017},
    journal = {Nature Chemistry},
    author = {Zhang, Jinny X. and Fang, John Z. and Duan, Wei and Wu, Lucia R. and Zhang, Angela W. and Dalchau, Neil and Yordanov, Boyan and Petersen, Rasmus and Phillips, Andrew and Zhang, David Yu},
    number = {1},
    month = {11},
    pages = {91--98},
    volume = {10},
    publisher = {Nature Publishing Group},
    url = {http://www.nature.com/doifinder/10.1038/nchem.2877},
    doi = {10.1038/nchem.2877},
    issn = {1755-4330},
    keywords = {Computational biophysics, Computational chemistry, DNA, Reaction kinetics and dynamics}
}

@article{Dupeux2015PropulsionRatchet,
    title = {{Propulsion on a superhydrophobic ratchet}},
    year = {2015},
    journal = {Scientific Reports},
    author = {Dupeux, Guillaume and Bourrianne, Philippe and Magdelaine, Quentin and Clanet, Christophe and Qu{\'{e}}r{\'{e}}, David},
    number = {1},
    month = {5},
    pages = {5280},
    volume = {4},
    publisher = {Nature Publishing Group},
    url = {http://www.nature.com/articles/srep05280},
    doi = {10.1038/srep05280},
    issn = {2045-2322},
    keywords = {Condensed, Mechanical engineering, matter physics}
}

@article{CardyReaction-diffusionProcesses,
    title = {{Reaction-diffusion processes}},
    author = {Cardy, John},
    url = {http://www-thphys.physics.ox.ac.uk/people/JohnCardy/warwick.pdf}
}

@article{Olah2017ResearchDebt,
    title = {{Research Debt}},
    year = {2017},
    journal = {Distill},
    author = {Olah, Chris and Carter, Shan},
    number = {3},
    month = {3},
    pages = {e5},
    volume = {2},
    url = {http://distill.pub/2017/research-debt},
    doi = {10.23915/distill.00005},
    issn = {2476-0757}
}

@article{WerndlRethinkingEquilibrium,
    title = {{Rethinking Boltzmannian Equilibrium}},
    author = {Werndl, Charlotte and Frigg, Roman},
    url = {http://philsci-archive.pitt.edu/10756/1/EquilibriumFinal.pdf}
}

@article{Streif2013RobustnessNetworks,
    title = {{Robustness Analysis, Prediction and Estimation for Uncertain Biochemical Networks}},
    year = {2013},
    author = {Streif, Stefan and Kim, Kwang-Ki K and Rumschinski, Philipp and Kishida, Masako and Shen, Dongying Erin and Findeisen, Rolf and Braatz, Richard D},
    url = {https://ac.els-cdn.com/S1474667015382276/1-s2.0-S1474667015382276-main.pdf?_tid=82700d82-ff5d-11e7-86e4-00000aacb35f&acdnat=1516616454_cdb805ef72f07001c54be3256fb9f543},
    doi = {10.3182/20131218-3-IN-2045.00190},
    keywords = {Biochemical reaction network, complex dynamical system, estimation, robustness, systems and control theory}
}

@article{Ferrell2002Self-perpetuatingBistability,
    title = {{Self-perpetuating states in signal transduction: positive feedback, double-negative feedback and bistability}},
    year = {2002},
    journal = {Current Opinion in Cell Biology},
    author = {Ferrell, James E},
    number = {2},
    month = {4},
    pages = {140--148},
    volume = {14},
    publisher = {Elsevier Current Trends},
    url = {https://www.sciencedirect.com/science/article/pii/S0955067402003149?via%3Dihub},
    doi = {10.1016/S0955-0674(02)00314-9},
    issn = {0955-0674}
}

@article{Marimuthu2014Sequence-dependentKinetics,
    title = {{Sequence-dependent theory of oligonucleotide hybridization kinetics}},
    year = {2014},
    journal = {The Journal of Chemical Physics},
    author = {Marimuthu, Karthikeyan and Chakrabarti, Raj},
    number = {17},
    month = {5},
    pages = {175104},
    volume = {140},
    publisher = {American Institute of Physics},
    url = {http://aip.scitation.org/doi/10.1063/1.4873585},
    doi = {10.1063/1.4873585},
    issn = {0021-9606},
    keywords = {DNA, biochemistry, chemical equilibrium, molecular biophysics, reaction rate constants}
}

@article{Biroli2015SlowSystems,
    title = {{Slow Relaxations and Non-Equilibrium Dynamics in Classical and Quantum Systems}},
    year = {2015},
    author = {Biroli, Giulio},
    month = {7},
    url = {http://arxiv.org/abs/1507.05858},
    arxivId = {1507.05858}
}

@article{Tyson2003SniffersCell,
    title = {{Sniffers, buzzers, toggles and blinkers: dynamics of regulatory and signaling pathways in the cell}},
    year = {2003},
    journal = {Current Opinion in Cell Biology},
    author = {Tyson, John J and Chen, Katherine C and Novak, Bela},
    number = {2},
    month = {4},
    pages = {221--231},
    volume = {15},
    publisher = {Elsevier Current Trends},
    url = {https://www.sciencedirect.com/science/article/pii/S0955067403000176?via%3Dihub},
    doi = {10.1016/S0955-0674(03)00017-6},
    issn = {0955-0674}
}

@article{Tyson2003SniffersCell.,
    title = {{Sniffers, buzzers, toggles and blinkers: dynamics of regulatory and signaling pathways in the cell.}},
    year = {2003},
    journal = {Current opinion in cell biology},
    author = {Tyson, John J and Chen, Katherine C and Novak, Bela},
    number = {2},
    month = {4},
    pages = {221--31},
    volume = {15},
    url = {http://www.ncbi.nlm.nih.gov/pubmed/12648679},
    issn = {0955-0674},
    pmid = {12648679}
}

@article{WuSpatio-TemporalNetworks,
    title = {{Spatio-Temporal Backpropagation for Training High-performance Spiking Neural Networks}},
    author = {Wu, Yujie and Deng, Lei and Li, Guoqi and Zhu, Jun and Shi, Luping},
    url = {https://arxiv.org/pdf/1706.02609.pdf}
}

@article{Joyner2015SpectralI,
    title = {{Spectral statistics of Bernoulli matrix ensembles - a random walk approach (I)}},
    year = {2015},
    author = {Joyner, Christopher H. and Smilansky, Uzy},
    month = {1},
    url = {http://arxiv.org/abs/1501.04907},
    arxivId = {1501.04907}
}

@article{Suwajanakorn2017SynthesizingVideo,
    title = {{Synthesizing Obama: Learning Lip Sync from Audio Output Obama Video}},
    year = {2017},
    journal = {ACM Trans. Graph. Article},
    author = {Suwajanakorn, Supasorn and Seitz, Steven M and Kemelmacher-Shlizerman, Ira},
    number = {95},
    volume = {36},
    url = {https://grail.cs.washington.edu/projects/AudioToObama/siggraph17_obama.pdf},
    doi = {10.1145/3072959.3073640},
    keywords = {Additional Key Words and Phrases, Animation, Audio, Audiovisual Speech, Big data, CCS Concepts, Face Synthesis, Image manipulation, LSTM, Lip Sync ACM Reference format, RNN, Shape modeling, Uncanny Valley, Videos}
}

@article{Demharter2017TenPhD.,
    title = {{Ten simple rules for surviving an interdisciplinary PhD.}},
    year = {2017},
    journal = {PLoS computational biology},
    author = {Demharter, Samuel and Pearce, Nicholas and Beattie, Kylie and Frost, Isabel and Leem, Jinwoo and Martin, Alistair and Oppenheimer, Robert and Regep, Cristian and Rukat, Tammo and Skates, Alexander and Trendel, Nicola and Gavaghan, David J and Deane, Charlotte M and Knapp, Bernhard},
    number = {5},
    pages = {e1005512},
    volume = {13},
    publisher = {Public Library of Science},
    url = {http://www.ncbi.nlm.nih.gov/pubmed/28542231 http://www.pubmedcentral.nih.gov/articlerender.fcgi?artid=PMC5444598},
    doi = {10.1371/journal.pcbi.1005512},
    issn = {1553-7358},
    pmid = {28542231}
}

@article{Turing1952TheMorphogenesis,
    title = {{The Chemical Basis of Morphogenesis}},
    year = {1952},
    journal = {Philosophical Transactions of the Royal Society B: Biological Sciences},
    author = {Turing, A. M.},
    number = {641},
    month = {8},
    pages = {37--72},
    volume = {237},
    publisher = {The Royal Society},
    url = {http://rstb.royalsocietypublishing.org/cgi/doi/10.1098/rstb.1952.0012},
    doi = {10.1098/rstb.1952.0012},
    issn = {0962-8436}
}

@article{Westerhoff2004TheBiology,
    title = {{The evolution of molecular biology into systems biology}},
    year = {2004},
    journal = {Nature Biotechnology},
    author = {Westerhoff, Hans V and Palsson, Bernhard O},
    number = {10},
    month = {10},
    pages = {1249--1252},
    volume = {22},
    publisher = {Nature Publishing Group},
    url = {http://www.nature.com/doifinder/10.1038/nbt1020},
    doi = {10.1038/nbt1020},
    issn = {1087-0156}
}

@book{Werbos1994TheForecasting,
    title = {{The roots of backpropagation : from ordered derivatives to neural networks and political forecasting}},
    year = {1994},
    author = {Werbos, Paul J. (Paul John) and John, Paul},
    pages = {319},
    publisher = {Wiley},
    url = {https://dl.acm.org/citation.cfm?id=175610},
    isbn = {0471598976}
}

@article{Bennett1982TheReview,
    title = {{The thermodynamics of computation—a review}},
    year = {1982},
    journal = {International Journal of Theoretical Physics},
    author = {Bennett, Charles H.},
    number = {12},
    month = {12},
    pages = {905--940},
    volume = {21},
    publisher = {Kluwer Academic Publishers-Plenum Publishers},
    url = {http://link.springer.com/10.1007/BF02084158},
    doi = {10.1007/BF02084158},
    issn = {0020-7748}
}

@article{Bray1995TheoryKinetics,
    title = {{Theory of Phase Ordering Kinetics}},
    year = {1995},
    author = {Bray, A. J.},
    month = {1},
    url = {http://arxiv.org/abs/cond-mat/9501089 http://dx.doi.org/10.1080/00018739400101505},
    doi = {10.1080/00018739400101505},
    arxivId = {cond-mat/9501089}
}

@article{Marblestone2016TowardNeuroscience,
    title = {{Toward an Integration of Deep Learning and Neuroscience}},
    year = {2016},
    journal = {Frontiers in Computational Neuroscience},
    author = {Marblestone, Adam H. and Wayne, Greg and Kording, Konrad P.},
    month = {9},
    pages = {94},
    volume = {10},
    publisher = {Frontiers},
    url = {http://journal.frontiersin.org/Article/10.3389/fncom.2016.00094/abstract},
    doi = {10.3389/fncom.2016.00094},
    issn = {1662-5188},
    keywords = {Cognitive Architecture, Cost functions, Developmental Bootstrapping, memory systems, neural networks, reinforcement learning, unsupervised learning}
}

@article{Ide2016TuringNetworks,
    title = {{Turing instability in Reaction-Diffusion models on complex networks}},
    year = {2016},
    author = {Ide, Yusuke and Izuhara, Hirofumi and Machida, Takuya},
    url = {https://arxiv.org/pdf/1405.0642.pdf},
    arxivId = {arXiv:1405.0642v2},
    keywords = {()}
}

@article{Maini2012TuringsProblem.,
    title = {{Turing's model for biological pattern formation and the robustness problem.}},
    year = {2012},
    journal = {Interface focus},
    author = {Maini, Philip K and Woolley, Thomas E and Baker, Ruth E and Gaffney, Eamonn A and Lee, S Seirin},
    number = {4},
    month = {8},
    pages = {487--96},
    volume = {2},
    publisher = {The Royal Society},
    url = {http://www.ncbi.nlm.nih.gov/pubmed/23919129 http://www.pubmedcentral.nih.gov/articlerender.fcgi?artid=PMC3363041},
    doi = {10.1098/rsfs.2011.0113},
    issn = {2042-8901},
    pmid = {23919129},
    keywords = {Turing, biological pattern formation, robustness problem}
}

@article{Ajanki2017UniversalityMatrices,
    title = {{Universality for general Wigner-type matrices}},
    year = {2017},
    journal = {Probability Theory and Related Fields},
    author = {Ajanki, Oskari H. and Erd{\H{o}}s, László and Kr{\"{u}}ger, Torben},
    number = {3-4},
    month = {6},
    pages = {667--727},
    volume = {169},
    url = {http://arxiv.org/abs/1506.05098},
    doi = {10.1007/s00440-016-0740-2},
    issn = {01788051},
    arxivId = {1506.05098},
    keywords = {Anisotropic local law, Eigenvector delocalization, Local spectral statistics, Rigidity}
}