@article{Gillespie1992,
author = {Gillespie, Daniel T},
doi = {https://doi.org/10.1016/0378-4371(92)90283-V},
issn = {0378-4371},
journal = {Physica A: Statistical Mechanics and its Applications},
number = {1},
pages = {404--425},
title = {{A rigorous derivation of the chemical master equation}},
url = {http://www.sciencedirect.com/science/article/pii/037843719290283V},
volume = {188},
year = {1992}
}

@article{Gillespie2007,
author = {Gillespie, Daniel T},
doi = {10.1146/annurev.physchem.58.032806.104637},
journal = {Annu. Rev. Phys. Chem},
pages = {35--55},
title = {{Stochastic Simulation of Chemical Kinetics}},
volume = {58},
year = {2007}
}
